<?xml version="1.0" encoding="UTF-8"?><record xmlns="http://www.loc.gov/MARC21/slim" xmlns:cinclude="http://apache.org/cocoon/include/1.0" xmlns:zs="http://www.loc.gov/zing/srw/">
  <leader>00441cz  a2200133n  4500</leader>
  <controlfield tag="001">n  98052038 </controlfield>
  <controlfield tag="003">DLC</controlfield>
  <controlfield tag="005">20130503075121.0</controlfield>
  <controlfield tag="008">980608n| azannaab           |a aaa      </controlfield>
  <datafield tag="010" ind1=" " ind2=" ">
    <subfield code="a">n  98052038 </subfield>
  </datafield>
  <datafield tag="040" ind1=" " ind2=" ">
    <subfield code="a">DLC</subfield>
    <subfield code="b">eng</subfield>
    <subfield code="c">DLC</subfield>
    <subfield code="d">DLC</subfield>
    <subfield code="e">rda</subfield>
  </datafield>
  <datafield tag="100" ind1="1" ind2=" ">
    <subfield code="a">Taub, Menaḥem Mendel.</subfield>
    <subfield code="t">Ḳol Menaḥem.</subfield>
    <subfield code="k">Selections</subfield>
  </datafield>
  <datafield tag="400" ind1="1" ind2=" ">
    <subfield code="a">Taub, Menaḥem Mendel.</subfield>
    <subfield code="t">Haḳdamot mi-sifre Ḳol Menaḥem</subfield>
  </datafield>
  <datafield tag="670" ind1=" " ind2=" ">
    <subfield code="a">Sefer ha-Haḳdamot mi-sifre Ḳol Menaḥem, 1995 or 1996.</subfield>
  </datafield>
</record>